<record><leader>00000cas a22000007a 4500</leader><controlfield tag="001">22789295</controlfield><controlfield tag="008">901207d192419uunyuwr ne      0    0eng d</controlfield><datafield ind1=" " ind2=" " tag="010"><subfield code="a">sn 90066354 </subfield></datafield><datafield ind1=" " ind2=" " tag="040"><subfield code="a">NYS</subfield><subfield code="b">eng</subfield><subfield code="c">NYS</subfield><subfield code="d">OCLCQ</subfield></datafield><datafield ind1=" " ind2=" " tag="042"><subfield code="a">msc</subfield></datafield><datafield ind1="0" ind2="4" tag="245"><subfield code="a">The Woodstock weekly.</subfield></datafield><datafield ind1=" " ind2=" " tag="260"><subfield code="a">Woodstock, N.Y. :</subfield><subfield code="b">F. Gardner Clough</subfield></datafield><datafield ind1=" " ind2=" " tag="300"><subfield code="a">v. :</subfield><subfield code="b">ill.</subfield></datafield><datafield ind1=" " ind2=" " tag="310"><subfield code="a">Weekly</subfield></datafield><datafield ind1="1" ind2=" " tag="362"><subfield code="a">Began in Sept. 1924.</subfield></datafield><datafield ind1=" " ind2=" " tag="588"><subfield code="a">Description based on: Vol. 1, no. 2 (Sept. 27, 1924).</subfield></datafield><datafield ind1=" " ind2="4" tag="651"><subfield code="a">Woodstock (N.Y.)</subfield><subfield code="v">Newspapers.</subfield></datafield><datafield ind1=" " ind2=" " tag="752"><subfield code="a">United States</subfield><subfield code="b">New York</subfield><subfield code="c">Ulster</subfield><subfield code="d">Woodstock.</subfield></datafield><datafield ind1="0" ind2="4" tag="785"><subfield code="t">Catskill Mountain reflector</subfield><subfield code="w">(DLC)sn 90066336</subfield><subfield code="w">(OCoLC)22736360</subfield></datafield><datafield ind1="1" ind2=" " tag="029"><subfield code="a">AU@</subfield><subfield code="b">000025866769</subfield></datafield></record>